@article{bitcoin,
  title={Bitcoin: A peer-to-peer electronic cash system},
  author={Nakamoto, Satoshi},
  journal={Decentralized business review},
  pages={21260},
  year={2008}
}

@inproceedings{pbft,
  title={Practical Byzantine fault tolerance},
  author={Castro, Miguel and Liskov, Barbara},
  booktitle={OSDI},
  volume={99},
  number={1999},
  pages={173--186},
  year={1999}
}

@inproceedings{hotstuff,
  title={HotStuff: BFT consensus with linearity and responsiveness},
  author={Yin, Maofan and Malkhi, Dahlia and Reiter, Michael K and Golan-Gueta, Guy and Abraham, Ittai},
  booktitle={Proceedings of the 2019 ACM Symposium on Principles of Distributed Computing},
  pages={347--356},
  year={2019}
}

@article{avalanche,
  title={Scalable and Probabilistic Leaderless BFT Consensus through Metastability},
  author={Team Rocket and Maofan Yin and Kevin Sekniqi and Robbert van Renesse and Emin G{\"u}n Sirer},
  journal={arXiv preprint arXiv:1906.08936},
  year={2020},
  url={https://arxiv.org/abs/1906.08936}
}

@article{nakamoto,
  title={Bitcoin: A peer-to-peer electronic cash system},
  author={Nakamoto, Satoshi},
  year={2008},
  url={https://bitcoin.org/bitcoin.pdf}
}

@article{saleh,
  title={The Structure of Photon Based on Saleh Theory},
  author={Saleh, Gh and others},
  journal={MATTER: International Journal of Science and Technology},
  volume={6},
  number={2},
  pages={41--45},
  year={2020},
  url={https://grdspublishing.org/index.php/matter/article/view/2651}
}

@misc{avalanche_dag,
  title={What is a Directed Acyclic Graph (DAG)?},
  author={Avalanche Support},
  year={2023},
  url={https://support.avax.network/en/articles/4058262-what-is-a-directed-acyclic-graph-dag},
  note={Ava Labs Knowledge Base}
}

@misc{postquantum_blockchain,
  title={What is Post-Quantum Blockchain and Why It Matters},
  author={Abelian Research},
  year={2025},
  url={https://abelian.io/blog/what-is-post-quantum-blockchain-and-why-it-matters/},
  note={Abelian.io Blog}
}

@misc{wolfram_consensus,
  title={The Problem of Distributed Consensus},
  author={Wolfram, Stephen},
  year={2021},
  url={https://writings.stephenwolfram.com/2021/05/the-problem-of-distributed-consensus/},
  note={Writings (blog)}
}

@misc{avalanche_dag_guitar,
  title={A Deep Dive on DAGs: Explaining Avalanche's DAG Technology with Guitar Hero},
  author={UnaccompaniedCompanion},
  year={2022},
  url={https://medium.com/@unaccompaniedcompanion/a-deep-dive-on-dags-explaining-avalanches-dag-technology-with-guitar-hero-c3c6e7b8e1c4},
  note={Medium}
}

@inproceedings{flp,
  title={Impossibility of distributed consensus with one faulty process},
  author={Fischer, Michael J and Lynch, Nancy A and Paterson, Michael S},
  booktitle={Proceedings of the 2nd ACM SIGACT-SIGMOD symposium on Principles of database systems},
  pages={1--7},
  year={1983}
}

@article{tendermint,
  title={The latest gossip on BFT consensus},
  author={Buchman, Ethan and Kwon, Jae and Milosevic, Zarko},
  journal={arXiv preprint arXiv:1807.04938},
  year={2018}
}

@inproceedings{algorand,
  title={Algorand: scaling byzantine agreements for cryptocurrencies},
  author={Gilad, Yossi and Hemo, Rotem and Micali, Silvio and Vlachos, Georgios and Zeldovich, Nickolai},
  booktitle={Proceedings of the 26th symposium on operating systems principles},
  pages={51--68},
  year={2017}
}

@article{hashgraph,
  title={The swirlds hashgraph consensus algorithm: Fair, fast, byzantine fault tolerance},
  author={Baird, Leemon},
  journal={Swirlds Tech Report SWIRLDS-TR-2016-01},
  year={2016}
}

@misc{phantom,
  title={PHANTOM: A scalable BlockDAG protocol},
  author={Sompolinsky, Yonatan and Zohar, Aviv},
  year={2018},
  url={https://eprint.iacr.org/2018/104}
}

@article{casper_cbc,
  title={Casper the friendly ghost: A correct-by-construction blockchain consensus protocol},
  author={Zamfir, Vlad},
  journal={arXiv preprint arXiv:1710.09437},
  year={2017}
}

@inproceedings{ben_or,
  title={Another advantage of free choice (extended abstract): Completely asynchronous agreement protocols},
  author={Ben-Or, Michael},
  booktitle={Proceedings of the second annual ACM symposium on Principles of distributed computing},
  pages={27--30},
  year={1983}
}

@article{pqc_nist,
  title={Post-quantum cryptography standardization},
  author={Moody, Dustin and Alagic, Gorjan and Apon, Daniel and Cooper, David and Dang, Quynh and Kelsey, John and Liu, Yi-Kai and Miller, Carl and Peralta, Rene and Perlner, Ray and others},
  journal={National Institute of Standards and Technology},
  year={2020}
}

@article{dilithium,
  title={CRYSTALS-Dilithium: A lattice-based digital signature scheme},
  author={Ducas, L{\'e}o and Kiltz, Eike and Lepoint, Tancr{\`e}de and Lyubashevsky, Vadim and Schwabe, Peter and Seiler, Gregor and Stehl{\'e}, Damien},
  journal={IACR Transactions on Cryptographic Hardware and Embedded Systems},
  pages={238--268},
  year={2018}
}

@article{kyber,
  title={CRYSTALS-Kyber: a CCA-secure module-lattice-based KEM},
  author={Bos, Joppe and Ducas, L{\'e}o and Kiltz, Eike and Lepoint, Tancr{\`e}de and Lyubashevsky, Vadim and Schanck, John M and Schwabe, Peter and Seiler, Gregor and Stehl{\'e}, Damien},
  journal={2018 IEEE European Symposium on Security and Privacy (EuroS\&P)},
  pages={353--367},
  year={2018}
}

@inproceedings{xmss,
  title={XMSS: eXtended Merkle signature scheme},
  author={Buchmann, Johannes and Dahmen, Erik and H{\"u}lsing, Andreas},
  booktitle={International Workshop on Post-Quantum Cryptography},
  pages={129--153},
  year={2011},
  organization={Springer}
}

@article{iota_tangle,
  title={The tangle},
  author={Popov, Serguei},
  journal={White paper},
  volume={1},
  number={3},
  year={2018}
}

@inproceedings{ethereum,
  title={Ethereum: A secure decentralised generalised transaction ledger},
  author={Wood, Gavin and others},
  booktitle={Ethereum project yellow paper},
  volume={151},
  number={2014},
  pages={1--32},
  year={2014}
}

@misc{cosmos,
  title={Cosmos: A network of distributed ledgers},
  author={Kwon, Jae and Buchman, Ethan},
  year={2019},
  url={https://cosmos.network/cosmos-whitepaper.pdf}
}

@misc{polkadot,
  title={Polkadot: Vision for a heterogeneous multi-chain framework},
  author={Wood, Gavin},
  year={2016},
  url={https://polkadot.network/PolkaDotPaper.pdf}
}